@Manual{R-ade4,
  title = {ade4: Analysis of Ecological Data: Exploratory and Euclidean Methods
in Environmental Sciences},
  author = {Stéphane Dray and Anne-Béatrice Dufour and Jean Thioulouse and with contributions from Thibaut Jombart and Sandrine Pavoine and Jean R. Lobry and Sébastien Ollier and Daniel Borcard and Pierre Legendre and Stéphanie Bougeard and Aurélie Siberchicot. Based on earlier work by Daniel Chessel.},
  year = {2018},
  note = {R package version 1.7-13},
  url = {https://CRAN.R-project.org/package=ade4},
}
@Manual{R-base,
  title = {R: A Language and Environment for Statistical Computing},
  author = {{R Core Team}},
  organization = {R Foundation for Statistical Computing},
  address = {Vienna, Austria},
  year = {2019},
  url = {https://www.R-project.org/},
}
@Manual{R-bookdown,
  title = {bookdown: Authoring Books and Technical Documents with R Markdown},
  author = {Yihui Xie},
  year = {2020},
  note = {R package version 0.17},
  url = {https://CRAN.R-project.org/package=bookdown},
}
@Manual{R-caret,
  title = {caret: Classification and Regression Training},
  author = {Max Kuhn},
  year = {2020},
  note = {R package version 6.0-85},
  url = {https://CRAN.R-project.org/package=caret},
}
@Manual{R-e1071,
  title = {e1071: Misc Functions of the Department of Statistics, Probability
Theory Group (Formerly: E1071), TU Wien},
  author = {David Meyer and Evgenia Dimitriadou and Kurt Hornik and Andreas Weingessel and Friedrich Leisch},
  year = {2019},
  note = {R package version 1.7-3},
  url = {https://CRAN.R-project.org/package=e1071},
}
@Manual{R-geoR,
  title = {geoR: Analysis of Geostatistical Data},
  author = {Paulo J. {Ribeiro Jr} and Peter J. Diggle},
  year = {2020},
  note = {R package version 1.7-5.2.2},
  url = {https://CRAN.R-project.org/package=geoR},
}
@Manual{R-ggplot2,
  title = {ggplot2: Create Elegant Data Visualisations Using the Grammar of Graphics},
  author = {Hadley Wickham and Winston Chang and Lionel Henry and Thomas Lin Pedersen and Kohske Takahashi and Claus Wilke and Kara Woo},
  year = {2018},
  note = {R package version 3.1.0},
  url = {https://CRAN.R-project.org/package=ggplot2},
}
@Manual{R-gstat,
  title = {gstat: Spatial and Spatio-Temporal Geostatistical Modelling, Prediction
and Simulation},
  author = {Edzer Pebesma and Benedikt Graeler},
  year = {2020},
  note = {R package version 2.0-4},
  url = {https://CRAN.R-project.org/package=gstat},
}
@Manual{R-INLA,
  title = {INLA: Full Bayesian Analysis of Latent Gaussian Models using Integrated Nested Laplace Approximations},
  author = {Havard Rue and Finn Lindgren and Daniel Simpson and Sara Martino and Elias {Teixeira Krainski} and Haakon Bakka and Andrea Riebler and Geir-Arne Fuglstad},
  year = {2019},
  note = {R package version 19.09.03},
}
@Manual{R-knitr,
  title = {knitr: A General-Purpose Package for Dynamic Report Generation in R},
  author = {Yihui Xie},
  year = {2020},
  note = {R package version 1.27},
  url = {https://CRAN.R-project.org/package=knitr},
}
@Manual{R-lattice,
  title = {lattice: Trellis Graphics for R},
  author = {Deepayan Sarkar},
  year = {2018},
  note = {R package version 0.20-38},
  url = {https://CRAN.R-project.org/package=lattice},
}
@Manual{R-Matrix,
  title = {Matrix: Sparse and Dense Matrix Classes and Methods},
  author = {Douglas Bates and Martin Maechler},
  year = {2019},
  note = {R package version 1.2-18},
  url = {https://CRAN.R-project.org/package=Matrix},
}
@Manual{R-nlme,
  title = {nlme: Linear and Nonlinear Mixed Effects Models},
  author = {José Pinheiro and Douglas Bates and {R-core}},
  year = {2019},
  note = {R package version 3.1-143},
  url = {https://CRAN.R-project.org/package=nlme},
}
@Manual{R-raster,
  title = {raster: Geographic Data Analysis and Modeling},
  author = {Robert J. Hijmans},
  year = {2019},
  note = {R package version 3.0-7},
  url = {https://CRAN.R-project.org/package=raster},
}
@Manual{R-rmarkdown,
  title = {rmarkdown: Dynamic Documents for R},
  author = {JJ Allaire and Yihui Xie and Jonathan McPherson and Javier Luraschi and Kevin Ushey and Aron Atkins and Hadley Wickham and Joe Cheng and Winston Chang and Richard Iannone},
  year = {2020},
  note = {R package version 2.1},
  url = {https://CRAN.R-project.org/package=rmarkdown},
}
@Manual{R-sf,
  title = {sf: Simple Features for R},
  author = {Edzer Pebesma},
  year = {2019},
  note = {R package version 0.8-0},
  url = {https://CRAN.R-project.org/package=sf},
}
@Manual{R-sp,
  title = {sp: Classes and Methods for Spatial Data},
  author = {Edzer Pebesma and Roger Bivand},
  year = {2019},
  note = {R package version 1.3-2},
  url = {https://CRAN.R-project.org/package=sp},
}
@Manual{R-spData,
  title = {spData: Datasets for Spatial Analysis},
  author = {Roger Bivand and Jakub Nowosad and Robin Lovelace},
  year = {2019},
  note = {R package version 0.3.2},
  url = {https://CRAN.R-project.org/package=spData},
}
@Manual{R-spdep,
  title = {spdep: Spatial Dependence: Weighting Schemes, Statistics},
  author = {Roger Bivand},
  year = {2019},
  note = {R package version 1.1-3},
  url = {https://CRAN.R-project.org/package=spdep},
}
@Manual{R-tmap,
  title = {tmap: Thematic Maps},
  author = {Martijn Tennekes},
  year = {2020},
  note = {R package version 2.3-2},
  url = {https://CRAN.R-project.org/package=tmap},
}
@Article{ade42007a,
  title = {The {ade4} Package: Implementing the Duality Diagram for Ecologists},
  author = {St\'ephane Dray and Anne--B\'eatrice Dufour},
  journal = {Journal of Statistical Software},
  year = {2007},
  volume = {22},
  number = {4},
  pages = {1--20},
  doi = {10.18637/jss.v022.i04},
}
@Article{ade42018a,
  title = {Supervised Multiblock Analysis in {R} with the {ade4} Package},
  author = {St\'ephanie Bougeard and St\'ephane Dray},
  journal = {Journal of Statistical Software},
  year = {2018},
  volume = {86},
  number = {1},
  pages = {1--17},
  doi = {10.18637/jss.v086.i01},
}
@Article{ade42004a,
  title = {The {ade4} Package -- {I}: One-Table Methods},
  author = {Daniel Chessel and Anne-B\'eatrice Dufour and Jean Thioulouse},
  journal = {R News},
  year = {2004},
  volume = {4},
  number = {1},
  pages = {5--10},
  url = {https://cran.r-project.org/doc/Rnews/},
}
@Article{ade42007b,
  title = {The {ade4} Package -- {II}: Two-Table and {K}-Table Methods},
  author = {St\'ephane Dray and Anne-B\'eatrice Dufour and Daniel Chessel},
  journal = {R News},
  year = {2007},
  volume = {7},
  number = {2},
  pages = {47--52},
  url = {https://cran.r-project.org/doc/Rnews/},
}
@Book{bookdown2016,
  title = {bookdown: Authoring Books and Technical Documents with {R} Markdown},
  author = {Yihui Xie},
  publisher = {Chapman and Hall/CRC},
  address = {Boca Raton, Florida},
  year = {2016},
  note = {ISBN 978-1138700109},
  url = {https://github.com/rstudio/bookdown},
}
@Book{ggplot22016,
  author = {Hadley Wickham},
  title = {ggplot2: Elegant Graphics for Data Analysis},
  publisher = {Springer-Verlag New York},
  year = {2016},
  isbn = {978-3-319-24277-4},
  url = {http://ggplot2.org},
}
@Article{gstat2004,
  title = {Multivariable geostatistics in {S}: the gstat package},
  author = {Edzer J. Pebesma},
  journal = {Computers & Geosciences},
  year = {2004},
  volume = {30},
  pages = {683-691},
}
@Article{gstat2016,
  title = {Spatio-Temporal Interpolation using gstat},
  author = {Benedikt Gräler and Edzer Pebesma and Gerard Heuvelink},
  year = {2016},
  journal = {The R Journal},
  volume = {8},
  issue = {1},
  pages = {204-218},
  url = {https://journal.r-project.org/archive/2016/RJ-2016-014/index.html},
}
@Article{INLA2009a,
  author = {H{\aa}vard Rue and Sara Martino and Nicholas Chopin},
  title = {Approximate {Bayesian} Inference for Latent {Gaussian} Models Using Integrated Nested {Laplace} Approximations (with discussion).},
  journal = {Journal of the Royal Statistical Society B},
  year = {2009},
  volume = {71},
  pages = {319--392},
}
@Article{INLA2013a,
  title = {Bayesian computing with {INLA}: {N}ew features.},
  author = {Thiago G. Martins and Daniel Simpson and Finn Lindgren and H{\aa}vard Rue},
  year = {2013},
  volume = {67},
  pages = {68--83},
  journal = {Computational Statistics and Data Analysis},
}
@Article{INLA2011a,
  title = {An Explicit Link between {Gaussian} Fields and {Gaussian} {Markov} Random Fields: The Stochastic Partial Differential Equation Approach (with discussion).},
  author = {Finn Lindgren and H{\aa}vard Rue and Johan Lindstr{\"o}m},
  year = {2011},
  volume = {73},
  number = {4},
  pages = {423--498},
  journal = {Journal of the Royal Statistical Society B},
}
@Article{INLA2015a,
  title = {Bayesian Spatial Modelling with {R}-{INLA}},
  author = {Finn Lindgren and H{\aa}vard Rue},
  journal = {Journal of Statistical Software},
  year = {2015},
  volume = {63},
  number = {19},
  pages = {1--25},
  url = {http://www.jstatsoft.org/v63/i19/},
}
@Article{INLA2017a,
  title = {Bayesian computing with {INLA}: {A} review}},
  author = {H{\aa}vard Rue and Andrea I. Riebler and Sigrunn H. S{\o}rbye and Janine B. Illian and Daniel P. Simpson and Finn K. Lindgren},
  journal = {Annual Reviews of Statistics and Its Applications},
  year = {2017},
  volume = {4},
  number = {March},
  pages = {395--421},
  url = {http://arxiv.org/abs/1604.00860},
}
@Article{INLA2018a,
  title = {Spatial modelling with {INLA}: {A} review}},
  author = {Haakon Bakka and H{\aa}vard Rue and Geir-Arne Fuglstad and Andrea I. Riebler and David Bolin and Janine Illian and Elias Krainski and Daniel P. Simpson and Finn K. Lindgren},
  journal = {WIRES (Invited extended review)},
  year = {2018},
  volume = {xx},
  number = {Feb},
  pages = {xx--xx},
  url = {http://arxiv.org/abs/1802.06350},
}
@Article{INLA2016a,
  title = {Needles: Toward Large-Scale Genomic Prediction with Marker-by-Environment Interaction},
  author = {Arne {De Coninck} and Bernard {De Baets} and Drosos Kourounis and Fabio Verbosio and Olaf Schenk and Steven Maenhout and Jan Fostier},
  volume = {203},
  number = {1},
  pages = {543--555},
  year = {2016},
  doi = {10.1534/genetics.115.179887},
  journal = {Genetics},
  url = {http://dx.doi.org/10.1534/genetics.115.179887},
  eprint = {http://www.genetics.org/content/203/1/543.full.pdf},
}
@Article{INLA2017b,
  title = {Enhancing the scalability of selected inversion factorization algorithms in genomic prediction},
  author = {Fabio Verbosio and Arne {De Coninck} and Drosos Kourounis and Olaf Schenk},
  journal = {Journal of Computational Science},
  volume = {22},
  number = {Supplement C},
  pages = {99-108},
  year = {2017},
  issn = {1877-7503},
  url = {https://doi.org/10.1016/j.jocs.2017.08.013},
}
@Article{INLA2018b,
  title = {Towards the Next Generation of Multiperiod Optimal Power Flow Solvers},
  author = {D. Kourounis and A. Fuchs and O. Schenk},
  journal = {IEEE Transactions on Power Systems},
  year = {2018},
  volume = {PP},
  number = {99},
  pages = {1-10},
  url = {https://doi.org/10.1109/TPWRS.2017.2789187},
}
@Book{knitr2015,
  title = {Dynamic Documents with {R} and knitr},
  author = {Yihui Xie},
  publisher = {Chapman and Hall/CRC},
  address = {Boca Raton, Florida},
  year = {2015},
  edition = {2nd},
  note = {ISBN 978-1498716963},
  url = {https://yihui.org/knitr/},
}
@InCollection{knitr2014,
  booktitle = {Implementing Reproducible Computational Research},
  editor = {Victoria Stodden and Friedrich Leisch and Roger D. Peng},
  title = {knitr: A Comprehensive Tool for Reproducible Research in {R}},
  author = {Yihui Xie},
  publisher = {Chapman and Hall/CRC},
  year = {2014},
  note = {ISBN 978-1466561595},
  url = {http://www.crcpress.com/product/isbn/9781466561595},
}
@Book{lattice2008,
  title = {Lattice: Multivariate Data Visualization with R},
  author = {Deepayan Sarkar},
  publisher = {Springer},
  address = {New York},
  year = {2008},
  note = {ISBN 978-0-387-75968-5},
  url = {http://lmdvr.r-forge.r-project.org},
}
@Book{rmarkdown2018,
  title = {R Markdown: The Definitive Guide},
  author = {Yihui Xie and J.J. Allaire and Garrett Grolemund},
  publisher = {Chapman and Hall/CRC},
  address = {Boca Raton, Florida},
  year = {2018},
  note = {ISBN 9781138359338},
  url = {https://bookdown.org/yihui/rmarkdown},
}
@Article{sf2018,
  author = {Edzer Pebesma},
  title = {{Simple Features for R: Standardized Support for Spatial Vector Data}},
  year = {2018},
  journal = {{The R Journal}},
  doi = {10.32614/RJ-2018-009},
  url = {https://doi.org/10.32614/RJ-2018-009},
  pages = {439--446},
  volume = {10},
  number = {1},
}
@Article{sp2005,
  author = {Edzer J. Pebesma and Roger S. Bivand},
  title = {Classes and methods for spatial data in {R}},
  journal = {R News},
  year = {2005},
  volume = {5},
  number = {2},
  pages = {9--13},
  month = {November},
  url = {https://CRAN.R-project.org/doc/Rnews/},
}
@Book{sp2013,
  author = {Roger S. Bivand and Edzer Pebesma and Virgilio Gomez-Rubio},
  title = {Applied spatial data analysis with {R}, Second edition},
  year = {2013},
  publisher = {Springer, NY},
  url = {http://www.asdar-book.org/},
}
@Article{spdep2018,
  author = {Roger Bivand and David W. S. Wong},
  title = {Comparing implementations of global and local indicators of spatial association},
  journal = {TEST},
  year = {2018},
  volume = {27},
  number = {3},
  pages = {716--748},
  url = {https://doi.org/10.1007/s11749-018-0599-x},
}
@Book{spdep2013,
  author = {Roger S. Bivand and Edzer Pebesma and Virgilio Gomez-Rubio},
  title = {Applied spatial data analysis with {R}, Second edition},
  year = {2013},
  publisher = {Springer, NY},
  url = {http://www.asdar-book.org/},
}
@Article{tmap2018,
  title = {{tmap}: Thematic Maps in {R}},
  author = {Martijn Tennekes},
  journal = {Journal of Statistical Software},
  year = {2018},
  volume = {84},
  number = {6},
  pages = {1--39},
  doi = {10.18637/jss.v084.i06},
}
